@book{ ccd_handbook,
author = "Steve B. Howell",
title = {Handbook of CCD Astronomy}, 
publisher = {Cambridge University Press}, 
year = {2006},
isbn = {9780511807909}, 
edition = {Second}, 
note = {Cambridge Books Online}, 
url = {http://dx.doi.org/10.1017/CBO9780511807909}
}
