@book{ ccd_handbook,
author = "Steve B. Howell",
title = {Handbook of CCD Astronomy}, 
publisher = {Cambridge University Press}, 
year = {2006},
isbn = {9780511807909}, 
edition = {Second}, 
note = {Cambridge Books Online}, 
url = {http://dx.doi.org/10.1017/CBO9780511807909}
}
@ARTICLE{hipparcos,
   author = {{Perryman}, M.~A.~C. and {Lindegren}, L. and {Kovalevsky}, J. and 
	{Hoeg}, E. and {Bastian}, U. and {Bernacca}, P.~L. and {Cr{\'e}z{\'e}}, M. and 
	{Donati}, F. and {Grenon}, M. and {Grewing}, M. and {van Leeuwen}, F. and 
	{van der Marel}, H. and {Mignard}, F. and {Murray}, C.~A. and 
	{Le Poole}, R.~S. and {Schrijver}, H. and {Turon}, C. and {Arenou}, F. and 
	{Froeschl{\'e}}, M. and {Petersen}, C.~S.},
    title = "{The HIPPARCOS Catalogue}",
  journal = {\aap},
     year = 1997,
    month = jul,
   volume = 323,
    pages = {L49-L52},
   adsurl = {http://adsabs.harvard.edu/abs/1997A%26A...323L..49P},
  adsnote = {Provided by the SAO/NASA Astrophysics Data System}
}

@INPROCEEDINGS{gaia,
   author = {{Lindegren}, L. and {Babusiaux}, C. and {Bailer-Jones}, C. and 
	{Bastian}, U. and {Brown}, A.~G.~A. and {Cropper}, M. and {H{\o}g}, E. and 
	{Jordi}, C. and {Katz}, D. and {van Leeuwen}, F. and {Luri}, X. and 
	{Mignard}, F. and {de Bruijne}, J.~H.~J. and {Prusti}, T.},
    title = "{The Gaia mission: science, organization and present status}",
 keywords = {astrometry, Galaxy: kinematics and dynamics, planetary systems, relativity, space vehicles, stars: fundamental parameters, techniques: photometric, techniques: radial velocities},
booktitle = {IAU Symposium},
     year = 2008,
   series = {IAU Symposium},
   volume = 248,
   editor = {{Jin}, W.~J. and {Platais}, I. and {Perryman}, M.~A.~C.},
    month = jul,
    pages = {217-223},
      doi = {10.1017/S1743921308019133},
   adsurl = {http://adsabs.harvard.edu/abs/2008IAUS..248..217L},
  adsnote = {Provided by the SAO/NASA Astrophysics Data System}
}


@ARTICLE{boss,
   author = {{Dawson}, K.~S. and {Schlegel}, D.~J. and {Ahn}, C.~P. and {Anderson}, S.~F. and 
	{Aubourg}, {\'E}. and {Bailey}, S. and {Barkhouser}, R.~H. and 
	{Bautista}, J.~E. and {Beifiori}, A. and {Berlind}, A.~A. and 
	{Bhardwaj}, V. and {Bizyaev}, D. and {Blake}, C.~H. and {Blanton}, M.~R. and 
	{Blomqvist}, M. and {Bolton}, A.~S. and {Borde}, A. and {Bovy}, J. and 
	{Brandt}, W.~N. and {Brewington}, H. and {Brinkmann}, J. and 
	{Brown}, P.~J. and {Brownstein}, J.~R. and {Bundy}, K. and {Busca}, N.~G. and 
	{Carithers}, W. and {Carnero}, A.~R. and {Carr}, M.~A. and {Chen}, Y. and 
	{Comparat}, J. and {Connolly}, N. and {Cope}, F. and {Croft}, R.~A.~C. and 
	{Cuesta}, A.~J. and {da Costa}, L.~N. and {Davenport}, J.~R.~A. and 
	{Delubac}, T. and {de Putter}, R. and {Dhital}, S. and {Ealet}, A. and 
	{Ebelke}, G.~L. and {Eisenstein}, D.~J. and {Escoffier}, S. and 
	{Fan}, X. and {Filiz Ak}, N. and {Finley}, H. and {Font-Ribera}, A. and 
	{G{\'e}nova-Santos}, R. and {Gunn}, J.~E. and {Guo}, H. and 
	{Haggard}, D. and {Hall}, P.~B. and {Hamilton}, J.-C. and {Harris}, B. and 
	{Harris}, D.~W. and {Ho}, S. and {Hogg}, D.~W. and {Holder}, D. and 
	{Honscheid}, K. and {Huehnerhoff}, J. and {Jordan}, B. and {Jordan}, W.~P. and 
	{Kauffmann}, G. and {Kazin}, E.~A. and {Kirkby}, D. and {Klaene}, M.~A. and 
	{Kneib}, J.-P. and {Le Goff}, J.-M. and {Lee}, K.-G. and {Long}, D.~C. and 
	{Loomis}, C.~P. and {Lundgren}, B. and {Lupton}, R.~H. and {Maia}, M.~A.~G. and 
	{Makler}, M. and {Malanushenko}, E. and {Malanushenko}, V. and 
	{Mandelbaum}, R. and {Manera}, M. and {Maraston}, C. and {Margala}, D. and 
	{Masters}, K.~L. and {McBride}, C.~K. and {McDonald}, P. and 
	{McGreer}, I.~D. and {McMahon}, R.~G. and {Mena}, O. and {Miralda-Escud{\'e}}, J. and 
	{Montero-Dorta}, A.~D. and {Montesano}, F. and {Muna}, D. and 
	{Myers}, A.~D. and {Naugle}, T. and {Nichol}, R.~C. and {Noterdaeme}, P. and 
	{Nuza}, S.~E. and {Olmstead}, M.~D. and {Oravetz}, A. and {Oravetz}, D.~J. and 
	{Owen}, R. and {Padmanabhan}, N. and {Palanque-Delabrouille}, N. and 
	{Pan}, K. and {Parejko}, J.~K. and {P{\^a}ris}, I. and {Percival}, W.~J. and 
	{P{\'e}rez-Fournon}, I. and {P{\'e}rez-R{\`a}fols}, I. and {Petitjean}, P. and 
	{Pfaffenberger}, R. and {Pforr}, J. and {Pieri}, M.~M. and {Prada}, F. and 
	{Price-Whelan}, A.~M. and {Raddick}, M.~J. and {Rebolo}, R. and 
	{Rich}, J. and {Richards}, G.~T. and {Rockosi}, C.~M. and {Roe}, N.~A. and 
	{Ross}, A.~J. and {Ross}, N.~P. and {Rossi}, G. and {Rubi{\~n}o-Martin}, J.~A. and 
	{Samushia}, L. and {S{\'a}nchez}, A.~G. and {Sayres}, C. and 
	{Schmidt}, S.~J. and {Schneider}, D.~P. and {Sc{\'o}ccola}, C.~G. and 
	{Seo}, H.-J. and {Shelden}, A. and {Sheldon}, E. and {Shen}, Y. and 
	{Shu}, Y. and {Slosar}, A. and {Smee}, S.~A. and {Snedden}, S.~A. and 
	{Stauffer}, F. and {Steele}, O. and {Strauss}, M.~A. and {Streblyanska}, A. and 
	{Suzuki}, N. and {Swanson}, M.~E.~C. and {Tal}, T. and {Tanaka}, M. and 
	{Thomas}, D. and {Tinker}, J.~L. and {Tojeiro}, R. and {Tremonti}, C.~A. and 
	{Vargas Maga{\~n}a}, M. and {Verde}, L. and {Viel}, M. and {Wake}, D.~A. and 
	{Watson}, M. and {Weaver}, B.~A. and {Weinberg}, D.~H. and {Weiner}, B.~J. and 
	{West}, A.~A. and {White}, M. and {Wood-Vasey}, W.~M. and {Yeche}, C. and 
	{Zehavi}, I. and {Zhao}, G.-B. and {Zheng}, Z.},
    title = "{The Baryon Oscillation Spectroscopic Survey of SDSS-III}",
  journal = {\aj},
archivePrefix = "arXiv",
   eprint = {1208.0022},
 primaryClass = "astro-ph.CO",
 keywords = {cosmology: observations, surveys},
     year = 2013,
    month = jan,
   volume = 145,
      eid = {10},
    pages = {10},
      doi = {10.1088/0004-6256/145/1/10},
   adsurl = {http://adsabs.harvard.edu/abs/2013AJ....145...10D},
  adsnote = {Provided by the SAO/NASA Astrophysics Data System}
}
